%% Created using Papers on Mon, 13 May 2019.
%% http://papersapp.com/papers/

@article{Balding:1997hz,
author = {Balding, D J and Nichols, R A},
title = {{Significant genetic correlations among Caucasians at forensic DNA loci.}},
journal = {Heredity},
year = {1997},
volume = {78},
number = {6},
pages = {583--589},
doi = {https://doi.org/10.1038/sj.hdy.6881750}
}

@article{Pinheiro:2011fw,
author = {Pinheiro, Carlos E G},
title = {{On the evolution of warning coloration, Batesian and M{\"u}llerian mimicry in Neotropical butterflies: the role of jacamars (Galbulidae) and tyrant-flycatchers (Tyrannidae)}},
journal = {Journal of Avian Biology},
year = {2011},
volume = {42},
number = {4},
pages = {277--281},
doi = {https://doi.org/10.1111/j.1600-048X.2011.05435.x}
}

@article{Hafner:1982wk,
author = {Hafner, J C},
title = {{Genetic interactions at a contact zone of \emph{Uroderma} \emph{bilobatum} (Chiroptera: Phyllostomidae)}},
journal = {Evolution},
year = {1982},
volume = {36},
number = {4},
pages = {852--862}
}

@article{Yuri:2009eo,
author = {Yuri, Tamaki and JERNIGAN, ROBERT W and Brumfield, Robb T and BHAGABATI, NIRMAL K and BRAUN, MICHAEL J},
title = {{The effect of marker choice on estimated levels of introgression across an avian (Pipridae: \emph{Manacus}) hybrid zone.}},
journal = {Molecular Ecology},
year = {2009},
volume = {18},
number = {23},
pages = {4888--4903},
doi = {https://doi.org/10.1111/j.1365-294X.2009.04381.x}
}

@article{Engebretsen:2016jd,
author = {Engebretsen, Kristin N and Barrow, Lisa N and Rittmeyer, Eric N and Brown, Jeremy M and Moriarty Lemmon, Emily},
title = {{Quantifying the spatiotemporal dynamics in a chorus frog (\emph{Pseudacris}) hybrid zone over 30~years}},
journal = {Ecology and Evolution},
year = {2016},
volume = {6},
number = {14},
pages = {5013--5031},
doi = {https://doi.org/10.1002/ece3.2232}
}

@article{Carlson:1997wa,
author = {Carlson, T N and Ripley, David A},
title = {{On the relation between NDVI, fractional vegetation cover, and leaf area index}},
journal = {Remote Sensing of Environment},
year = {1997},
volume = {62},
number = {3},
pages = {241--252},
doi = {https://doi.org/10.1016/S0034-4257(97)00104-1}
}

@article{Watanabe:2010uh,
author = {Watanabe, Sumio},
title = {{Asymptotic equivalence of Bayes cross validation and Widely Applicable Information Criterion in singular learning theory}},
journal = {Journal of Machine Learning Research},
year = {2010},
volume = {11},
pages = {3571--3594}
}

@article{Cooper:2018ju,
author = {Cooper, Brandon S and Sedghifar, Alisa and Nash, W Thurston and Comeault, Aaron A and Matute, Daniel R},
title = {{A Maladaptive Combination of Traits Contributes to the Maintenance of a Drosophila Hybrid Zone}},
journal = {Current Biology},
year = {2018},
volume = {28},
pages = {1--8},
doi = {https://doi.org/10.1016/j.cub.2018.07.005}
}

@article{Tavares:2018gi,
author = {Tavares, Hugo and Whibley, Annabel and Field, David L and Bradley, Desmond and Couchman, Matthew and Copsey, Lucy and Elleouet, Joane and Burrus, Monique and Andalo, Christophe and Li, Miaomiao and Li, Qun and Xue, Yongbiao and Rebocho, Alexandra B and Barton, Nicolas H and Coen, Enrico},
title = {{Selection and gene flow shape genomic islands that control floral guides}},
journal = {Proceedings of the National Academy of Sciences},
year = {2018},
volume = {5},
pages = {201801832},
doi = {https://doi.org/10.1073/pnas.1801832115}
}

@article{Betancourt:2018vd,
author = {Betancourt, Michael},
title = {{A Conceptual Introduction to Hamiltonian Monte Carlo}},
year = {2017},
eprint = {1701.02434},
eprinttype = {arxiv},
pages = {1--60}
}

@article{Rosser:2014bg,
author = {Rosser, Neil and Dasmahapatra, Kanchon K and Mallet, James},
title = {{Stable \emph{Heliconius} butterfly hybrid zones are correlated with a local rainfall peak at the edge of the Amazon basin}},
journal = {Evolution},
year = {2014},
volume = {68},
number = {12},
pages = {3470--3484},
doi = {https://doi.org/10.1111/evo.12539}
}

@article{Visser:2016bk,
author = {Visser, Micha{\"e}l and de Leeuw, Maarten and Zuiderwijk, Annie and Arntzen, Jan W},
title = {{Stabilization of a salamander moving hybrid zone}},
journal = {Ecology and Evolution},
year = {2016},
volume = {7},
number = {2},
pages = {689--696},
doi = {https://doi.org/10.1002/ece3.2676}
}

@article{Stankowski:2017hw,
author = {Stankowski, Sean and Sobel, James M and Streisfeld, Matthew A},
title = {{Geographic cline analysis as a tool for studying genome-wide variation: a case study of pollinator-mediated divergence in a monkeyflower}},
journal = {Molecular Ecology},
year = {2017},
volume = {26},
number = {1},
pages = {107--122},
doi = {https://doi.org/10.1111/mec.13645}
}

@article{Barton:1979bd,
author = {Barton, Nicholas H},
title = {{The dynamics of hybrid zones}},
journal = {Heredity},
year = {1979},
volume = {43},
number = {3},
pages = {341--359},
doi = {https://doi.org/10.1038/hdy.1979.87}
}

@article{Hansen:2013iy,
author = {Hansen, M C and Potapov, P V and Moore, R and Hancher, M and Turubanova, S A and Tyukavina, A and Thau, D and Stehman, S V and Goetz, S J and Loveland, T R and Kommareddy, A and Egorov, A and Chini, L and Justice, C O and Townshend, J R G},
title = {{High-resolution global maps of 21st-century forest cover change.}},
journal = {Science},
year = {2013},
volume = {342},
number = {6160},
pages = {850--853},
doi = {https://doi.org/10.1126/science.1244693}
}

@article{Baldassarre:2014gk,
author = {Baldassarre, Daniel T and White, Thomas A and Karubian, Jordan and Webster, Michael S},
title = {{Genomic and morphological analysis of a semipermeable avian hybrid zone suggests asymmetrical introgression of a sexual signal}},
journal = {Evolution},
year = {2014},
volume = {68},
number = {9},
pages = {2644--2657},
doi = {https://doi.org/10.1111/evo.12457}
}

@article{Hoffman:2011wm,
author = {Hoffman, M D and Gelman, A},
title = {{The No-U-Turn Sampler: Adaptively setting path lengths in Hamiltonian Monte Carlo}},
journal = {arXiv.org},
year = {2011},
eprint = {8C9145CE-54C7-4D8F-8BBC-B1DF4DE9125F},
eprinttype = {scholar},
keywords = {formatted, has pdf}
}

@article{Vines:2016gb,
author = {Vines, Timothy H and Dalziel, Anne C and Albert, Arianne Y K and Veen, Thor and Schulte, Patricia M and Schluter, Dolph},
title = {{Cline coupling and uncoupling in a stickleback hybrid zone}},
journal = {Evolution},
year = {2016},
volume = {70},
number = {5},
pages = {1023--1038},
doi = {https://doi.org/10.1111/evo.12917}
}

@article{Phillips:2004cj,
author = {Phillips, B L and Baird, SJE and Moritz, C},
title = {{When vicars meet: a narrow contact zone between morphologically cryptic phylogeographic lineages of the rainforest skink, \emph{Carlia rubrigularis}}},
journal = {Evolution},
year = {2004},
volume = {58},
number = {7},
pages = {1536--1548},
doi = {https://doi.org/10.1111/j.0014-3820.2004.tb01734.x}
}

@article{Gelman:1992ts,
author = {Gelman, Andrew and Rubin, Donald B},
title = {{Inference from iterative simulation using multiple sequences}},
journal = {Statistical Science},
year = {1992},
volume = {7},
number = {4},
pages = {457--472},
doi = {https://doi.org/10.1214/ss/1177011136}
}

@article{Dasmahapatra2002,
author = {Dasmahapatra, Kanchon K and Blum, Michael J and Aiello, Annette and Hackwell, Stuart and Davies, Neil and Bermingham, Eldredge P and Mallet, James},
title = {{Inferences from a rapidly moving hybrid zone.}},
journal = {Evolution},
year = {2002},
volume = {56},
number = {4},
pages = {741--753},
doi = {https://doi.org/10.1111/j.0014-3820.2002.tb01385.x}
}

@article{Balding:1995cy,
author = {Balding, David J and Nichols, Richard A},
title = {{A method for quantifying differentiation between populations at multi-allelic loci and its implications for investigating identity and paternity}},
journal = {Genetica},
year = {1995},
volume = {96},
number = {1-2},
pages = {3--12},
publisher = {Kluwer Academic Publishers},
doi = {https://doi.org/10.1007/BF01441146}
}

@incollection{Barton:1993vy,
author = {Barton, Nicholas H and Gale, Katherine S},
title = {{Genetic Analysis of Hybrid Zones}},
booktitle = {Hybrid zones and the evolutionary process},
year = {1993},
editor = {Harrison, R G},
pages = {13--45},
address = {New York}
}

@article{Brumfield:2001ws,
author = {Brumfield, R T and Jernigan, R W and McDonald, D B and Braun, M J},
title = {{Evolutionary implications of divergent clines in an avian (\emph{Manacus}: Aves) hybrid zone.}},
journal = {Evolution},
year = {2001},
volume = {55},
number = {10},
pages = {2070--2087},
doi = {https://doi.org/10.1111/j.0014-3820.2001.tb01322.x}
}

@article{Vehtari:2016fm,
author = {Vehtari, Aki and Gelman, Andrew and Gabry, Jonah},
title = {{Practical Bayesian model evaluation using leave-one-out cross-validation and WAIC}},
journal = {Statistics and Computing},
year = {2016},
volume = {27},
number = {5},
pages = {1413--1432},
doi = {https://doi.org/10.1007/s11222-016-9696-4}
}

@article{Blum:2002wr,
author = {Blum, Michael J},
title = {{Rapid movement of a \emph{Heliconius} hybrid zone: Evidence for phase III of Wright's shifting balance theory?}},
journal = {Evolution},
year = {2002},
volume = {56},
number = {10},
pages = {1992--1998},
doi = {https://doi.org/10.2307/3094642}
}

@article{Strelkov:2017im,
author = {Strelkov, Petr and Katolikova, Marina and V{\"a}inol{\"a}, Risto},
title = {{Temporal change of the Baltic Sea{\textendash}North Sea blue mussel hybrid zone over two decades}},
journal = {Marine Biology},
year = {2017},
volume = {164},
number = {11},
pages = {214},
doi = {https://doi.org/10.1007/s00227-017-3249-z}
}

@article{Mallet1989a,
author = {Mallet, James and Barton, Nicholas H},
title = {{Strong natural selection in a warning-color hybrid zone}},
journal = {Evolution},
year = {1989},
volume = {43},
number = {2},
pages = {421--431},
doi = {https://doi.org/10.1111/j.1558-5646.1989.tb04237.x}
}

@article{Barton:1983cu,
author = {Barton, Nicholas H},
title = {{Multilocus clines}},
journal = {Evolution},
year = {1983},
volume = {37},
number = {3},
pages = {454--471},
doi = {https://doi.org/10.1111/j.1558-5646.1983.tb05563.x}
}

@article{Bradburd:2013fs,
author = {Bradburd, G S and Ralph, P L and Coop, G M},
title = {{Disentangling the effects of geographic and ecological isolation on genetic differentiation}},
journal = {Evolution},
year = {2013},
volume = {67},
number = {11},
pages = {3258--3273},
doi = {https://doi.org/10.1111/evo.12193}
}

@article{Anonymous:tt,
author = {{Stan Development Team}},
title = {{\emph{RStan: the R interface to Stan}}},
journal = {R package},
year = {2018}
}

@article{Roy:2012kx,
author = {Roy, Jean-S{\'e}bastien and O'Connor, David and Green, David M},
title = {{Oscillation of an anuran hybrid zone: morphological evidence spanning 50 years}},
journal = {PLoS ONE},
year = {2012},
volume = {7},
number = {12},
pages = {e52819},
doi = {https://doi.org/10.1371/journal.pone.0052819}
}

@article{Benson:1972hq,
author = {Benson, Woodruff W},
title = {{Natural selection for Mullerian mimicry in \emph{Heliconius} \emph{erato} in Costa Rica}},
journal = {Science},
year = {1972},
volume = {176},
number = {4037},
pages = {936--939},
doi = {https://doi.org/10.1126/science.176.4037.936}
}

@article{Pinheiro:1996ue,
author = {Pinheiro, Carlos E G},
title = {{Palatablility and escaping ability in Neotropical butterflies: tests with wild kingbirds (\emph{Tyrannus melancholicus}, Tyrannidae)}},
journal = {Biological Journal of the Linnean Society},
year = {1996},
volume = {59},
number = {4},
pages = {351--365},
doi = {https://doi.org/10.1111/j.1095-8312.1996.tb01471.x}
}

@article{Derryberry:2014jw,
author = {Derryberry, Elizabeth P and Derryberry, Graham E and Maley, James M and Brumfield, Robb T},
title = {{HZAR: hybrid zone analysis using an R software package}},
journal = {Molecular Ecology Resources},
year = {2014},
volume = {14},
number = {3},
pages = {652--663},
doi = {https://doi.org/10.1111/1755-0998.12209}
}

@article{Carpenter:2017ke,
author = {Carpenter, Bob and Gelman, Andrew and Hoffman, Matthew D and Lee, Daniel and Goodrich, Ben and Betancourt, Michael and Brubaker, Marcus and Guo, Jiqiang and Li, Peter and Riddell, Allen},
title = {{Stan: a probabilistic programming language}},
journal = {Journal of Statistical Software},
year = {2017},
volume = {76},
number = {1},
pages = {1--32},
doi = {https://doi.org/10.18637/jss.v076.i01}
}

@article{Gay:2008jp,
author = {Gay, Laur{\`e}ne and Crochet, Pierre Andr{\'e} and Bell, Douglas A and Lenormand, Thomas},
title = {{Comparing clines on molecular and phenotypic traits in hybrid zones: a window on tension zone models}},
journal = {Evolution},
year = {2008},
volume = {62},
number = {11},
pages = {2789--2806},
doi = {https://doi.org/10.1111/j.1558-5646.2008.00491.x}
}

@article{Huete:1988kj,
author = {Huete, A R},
title = {{A soil-adjusted vegetation index (SAVI)}},
journal = {Remote Sensing of Environment},
year = {1988},
volume = {25},
number = {3},
pages = {295--309},
doi = {https://doi.org/10.1016/0034-4257(88)90106-X}
}

@article{Harrison:2016gc,
author = {Harrison, Richard G and Larson, Erica L},
title = {{Heterogeneous genome divergence, differential introgression, and the origin and structure of hybrid zones}},
journal = {Molecular Ecology},
year = {2016},
volume = {25},
number = {11},
pages = {2454--2466},
doi = {https://doi.org/10.1111/mec.13582}
}

@article{Yanchukov:2006bg,
author = {Yanchukov, A and Hofman, Sebastian and Szymura, Jacek M and Mezhzherin, Sergey V and Morozov-Leonov, Sviatoslav Y and Barton, Nicholas H and Nurnberger, Beate},
title = {{Hybridization of \emph{Bombina} \emph{bombina} and \emph{B. variegata} (Anura, \emph{Discoglossidae}) at a sharp ecotone in western Ukraine: Comparisons across transects and over time}},
journal = {Evolution},
year = {2006},
volume = {60},
number = {3},
pages = {583--600},
doi = {https://doi.org/10.1554/04-739.1}
}

@incollection{Harrison:1990tn,
author = {Harrison, Richard G},
title = {{Hybrid zones: windows on evolutionary process}},
booktitle = {Oxford Surveys in Evolutionary Biology},
year = {1990},
editor = {Futuyma, Douglas J and Antonovics, Janis},
pages = {69--128},
address = {New York}
}

@article{Merrill:2012gt,
author = {Merrill, Richard M and Wallbank, Richard W R and Bull, Vanessa and Salazar, Patricio C A and Mallet, James and Stevens, Martin and Jiggins, Chris D},
title = {{Disruptive ecological selection on a mating cue}},
journal = {Proceedings of the Royal Society B: Biological Sciences},
year = {2012},
volume = {279},
number = {1749},
pages = {4907--4913},
doi = {https://doi.org/10.1098/rspb.2012.1968}
}

@article{Barton:1982uk,
author = {Barton, N},
title = {{The structure of the hybrid zone in \emph{Uroderma bilobatum} (Chiroptera: Phyllostomatidae).}},
journal = {Evolution},
year = {1982},
volume = {36},
number = {4},
pages = {863--866},
doi = {https://doi.org/10.2307/2407899}
}

@article{Buggs:2007ba,
author = {Buggs, R J A},
title = {{Empirical study of hybrid zone movement}},
journal = {Heredity},
year = {2007},
volume = {99},
number = {3},
pages = {301--312},
doi = {https://doi.org/10.1038/sj.hdy.6800997}
}

@article{Delahaie:2017hv,
author = {Delahaie, B and Cornuault, J and Masson, C and Bertrand, J A M and Bourgeois, Y X C and Mil{\'a}, B and Th{\'e}baud, C},
title = {{Narrow hybrid zones in spite of very low population differentiation in neutral markers in an island bird species complex}},
journal = {Journal of Evolutionary Biology},
year = {2017},
volume = {30},
number = {12},
pages = {2132--2145},
doi = {https://doi.org/10.1111/jeb.13177}
}

@article{Yao:2018bu,
author = {Yao, Yuling and Vehtari, Aki and Simpson, Daniel and Gelman, Andrew},
title = {{Using Stacking to Average Bayesian Predictive Distributions}},
journal = {Bayesian Analysis},
year = {2018},
pages = {1--28},
doi = {https://doi.org/10.1214/17-BA1091}
}

@article{Sheppard:1985gu,
author = {Sheppard, P M and Turner, J R G and Brown, K S and Benson, W W and Singer, M C},
title = {{Genetics and the evolution of Muellerian mimicry in \emph{Heliconius} butterflies}},
journal = {Philosophical Transactions of the Royal Society B: Biological Sciences},
year = {1985},
volume = {308},
number = {1137},
pages = {433--610},
doi = {https://doi.org/10.1098/rstb.1985.0066}
}

@article{Macholan:2007gw,
author = {Machol{\'a}n, Milo{\v s} and Munclinger, Pavel and {\v{S}}ugerkov{\'a}, Monika and Dufkov{\'a}, Petra and B{\'\i}mov{\'a}, Barbora and Bo{\v z}{\'\i}kov{\'a}, Eva and Zima, Jan and Pi{\'a}lek, Jaroslav},
title = {{Genetic analysis of autosomal and X-linked markers across a mouse hybrid zone}},
journal = {Evolution},
year = {2007},
volume = {61},
number = {4},
pages = {746--771},
doi = {https://doi.org/10.1111/j.1558-5646.2007.00065.x}
}

@article{Miller:2014fz,
author = {Miller, Matthew J and Lipshutz, Sara E and Smith, Neal G and Bermingham, Eldredge},
title = {{Genetic and phenotypic characterization of a hybrid zone between polyandrous Northern and Wattled Jacanas in Western Panama}},
journal = {BMC Evolutionary Biology},
year = {2014},
volume = {14},
number = {1},
pages = {227},
doi = {https://doi.org/10.1186/s12862-014-0227-7}
}

@article{Kapan2001,
author = {Kapan, Durrell D},
title = {{Three-butterfly system provides a field test of m{\"u}llerian mimicry}},
journal = {Nature},
year = {2001},
volume = {409},
number = {6818},
pages = {338--340},
doi = {https://doi.org/10.1038/35053066}
}

@article{Hijmans:2005ke,
author = {Hijmans, Robert J and Cameron, Susan E and Parra, Juan L and Jones, Peter G and Jarvis, Andy},
title = {{Very high resolution interpolated climate surfaces for global land areas}},
journal = {International Journal of Climatology},
year = {2005},
volume = {25},
number = {15},
pages = {1965--1978},
doi = {https://doi.org/10.1002/joc.1276}
}

@article{Bailey:2015is,
author = {Bailey, R I and Tesaker, M R and Trier, C N and Saetre, G P},
title = {{Strong selection on male plumage in a hybrid zone between a hybrid bird species and one of its parents}},
journal = {Journal of Evolutionary Biology},
year = {2015},
volume = {28},
number = {6},
pages = {1257--1269},
doi = {https://doi.org/10.1111/jeb.12652}
}

@article{Achard:1995cu,
author = {Achard, Fr{\'e}d{\'e}ric and Estreguil, Christine},
title = {{Forest classification of Southeast Asia using NOAA AVHRR data}},
journal = {Remote Sensing of Environment},
year = {1995},
volume = {54},
number = {3},
pages = {198--208},
doi = {https://doi.org/10.1016/0034-4257(95)00153-0}
}

@article{Carling:2011jo,
author = {Carling, Matthew D and Zuckerberg, Benjamin},
title = {{Spatio-temporal changes in the genetic structure of the \emph{Passerina} bunting hybrid zone}},
journal = {Molecular Ecology},
year = {2011},
volume = {20},
number = {6},
pages = {1166--1175},
doi = {https://doi.org/10.1111/j.1365-294X.2010.04987.x}
}

@article{Szymura:1986cm,
author = {Szymura, Jacek M and Barton, Nicholas H},
title = {{Genetic analysis of a hybrid zone between the Fire-Bellied Toads , \emph{Bombina bombina} and \emph{B. variegata} , near Cracow in Southern Poland}},
journal = {Evolution},
year = {1986},
volume = {40},
number = {6},
pages = {1141--1159},
doi = {https://doi.org/10.2307/2408943}
}

@article{Wilson:2016kf,
author = {Wilson, Jeremy D and Schmidt, Daniel J and Hughes, Jane M},
title = {{Movement of a hybrid zone between lineages of the Australian glass shrimp (\emph{Paratya australiensis})}},
journal = {Journal of Heredity},
year = {2016},
volume = {107},
number = {5},
pages = {413--422},
doi = {https://doi.org/10.1093/jhered/esw033}
}

@article{Arias:2016dh,
author = {Arias, Carlos F and Van Belleghem, Steven and McMillan, W. Owen},
title = {{Genomics at the evolving species boundary}},
journal = {Current Opinion in Insect Science},
year = {2016},
volume = {13},
number = {C},
pages = {7--15},
doi = {https://doi.org/10.1016/j.cois.2015.10.004}
}

@article{Hill:2013jv,
author = {Hill, R I and Gilbert, Lawrence E and Kronforst, M R},
title = {{Cryptic genetic and wing pattern diversity in a mimetic \emph{Heliconius} butterfly}},
journal = {Molecular Ecology},
year = {2013},
volume = {22},
number = {10},
pages = {2760--2770},
doi = {https://doi.org/10.1111/mec.12290}
}

@article{Macholan:2008gg,
author = {Machol{\'a}n, Milo{\v s} and Baird, Stuart JE and Munclinger, Pavel and Dufkov{\'a}, Petra and B{\'\i}mov{\'a}, Barbora and Pi{\'a}lek, Jaroslav},
title = {{Genetic conflict outweighs heterogametic incompatibility in the mouse hybrid zone?}},
journal = {BMC Evolutionary Biology},
year = {2008},
volume = {8},
number = {1},
pages = {271--14},
publisher = {BioMed Central},
doi = {https://doi.org/10.1186/1471-2148-8-271}
}

@article{Balding:2008cy,
author = {Balding, David J and Nichols, Richard A},
title = {{Erratum: A method for quantifying differentiation between populations at multi-allelic loci and its implications for investigating identity and paternity}},
journal = {Genetica},
year = {2008},
volume = {133},
number = {107},
doi = {https://doi.org/10.1007/BF01441146}
}

@article{Nadeau:2016gi,
author = {Nadeau, Nicola J and Pardo-Diaz, Carolina and Whibley, Annabel and Supple, Megan A and Saenko, Suzanne V and Wallbank, Richard W R and Wu, Grace C and Maroja, Luana and Ferguson, Laura and Hanly, Joseph J and Hines, Heather and Salazar, Camilo and Merrill, Richard M and Dowling, Andrea J and ffrench-Constant, Richard H and Llaurens, Violaine and Joron, Mathieu and McMillan, W. Owen and Jiggins, Chris D},
title = {{The gene cortex controls mimicry and crypsis in butterflies and moths}},
journal = {Nature},
year = {2016},
volume = {534},
number = {7605},
pages = {106--110},
doi = {https://doi.org/10.1038/nature17961}
}

@article{Mallet:1986vj,
author = {Mallet, James},
title = {{Hybrid zones of \emph{Heliconius} butterflies in Panama and the stability and movement of warning colour clines}},
journal = {Heredity},
year = {1986},
volume = {56},
number = {2},
pages = {191--202},
doi = {https://doi.org/10.1038/hdy.1986.31}
}

@article{Alexandrino:2005vl,
author = {Alexandrino, Jo{\~a}o and Baird, Stuart J E and Lawson, Lucinda and Macey, J Robert and Moritz, Craig and Wake, David B},
title = {{Strong selection against hybrids at a hybrid zone in the \emph{Ensatina} ring species complex and its evolutionary implications.}},
journal = {Evolution},
year = {2005},
volume = {59},
number = {6},
pages = {1334--1347},
doi = {https://doi.org/10.1111/j.0014-3820.2005.tb01783.x}
}

@article{Barton:1985vd,
author = {Barton, Nicholas H and Hewitt, G M},
title = {{Analysis of hybrid zones}},
journal = {Annual Review of Ecology and Systematics},
year = {1985},
volume = {16},
number = {1},
pages = {113--148},
doi = {https://doi.org/10.1146/annurev.es.16.110185.000553}
}

@article{Gompert:2017fl,
author = {Gompert, Zachariah and Mandeville, Elizabeth G and Buerkle, C Alex},
title = {{Analysis of population genomic data from hybrid zones}},
journal = {Annual Review of Ecology, Evolution, and Systematics},
year = {2017},
volume = {48},
number = {1},
pages = {207--229},
doi = {https://doi.org/10.1146/annurev-ecolsys-110316-022652}
}

@article{Porter:1997ia,
author = {Porter, Adam H and Wenger, Remo and Geiger, Hansj{\"u}rg and Scholl, Adolf and Shapiro, Arthur M},
title = {{The \emph{Pontia daplidice-edusa} hybrid zone in northwestern Italy.}},
journal = {Evolution},
year = {1997},
volume = {51},
number = {5},
pages = {1561--1573},
doi = {https://doi.org/10.1111/j.1558-5646.1997.tb01479.x}
}

@article{Pettorelli:2005ed,
author = {Pettorelli, Nathalie and Vik, Jon Olav and Mysterud, Atle and Gaillard, Jean-Michel and Tucker, Compton J and Stenseth, Nils Chr},
title = {{Using the satellite-derived NDVI to assess ecological responses to environmental change}},
journal = {Trends in Ecology {\&} Evolution},
year = {2005},
volume = {20},
number = {9},
pages = {503--510},
doi = {https://doi.org/10.1016/j.tree.2005.05.011}
}

@article{Balding:2003ib,
author = {Balding, David J},
title = {{Likelihood-based inference for genetic correlation coefficients}},
journal = {Theoretical Population Biology},
year = {2003},
volume = {63},
number = {3},
pages = {221--230},
doi = {https://doi.org/10.1016/S0040-5809(03)00007-8}
}

@book{McElreath:2016wa,
author = {McElreath, Richard},
title = {{Statistical rethinking: a Bayesian course with examples in R and Stan}},
publisher = {CRC Press},
year = {2015},
address = {Boca Raton, FL}
}

@book{Hartl:1997vl,
author = {Hartl, Daniel L and Clark, Andrew G},
title = {{Principles of Population Genetics}},
publisher = {Sinauer Associates, Inc.},
year = {1997},
address = {Sunderland, MA},
edition = {3rd}
}

@article{Taylor:2014bg,
author = {Taylor, Scott A and White, Thomas A and Hochachka, Wesley M and Ferretti, Valentina and Curry, Robert L and Lovette, Irby},
title = {{Climate-mediated movement of an avian hybrid zone}},
journal = {Current Biology},
year = {2014},
volume = {24},
number = {6},
pages = {671--676},
doi = {https://doi.org/10.1016/j.cub.2014.01.069}
}

@article{Chouteau:2016kk,
author = {Chouteau, Mathieu and Arias, M{\'o}nica and Joron, Mathieu},
title = {{Warning signals are under positive frequency-dependent selection in nature}},
journal = {Proceedings of the National Academy of Sciences},
year = {2016},
volume = {113},
pages = {2164--2169},
doi = {https://doi.org/10.1073/pnas.1519216113}
}

@article{Blum:2008,
author = {Blum, M J},
title = {{Ecological and genetic associations across a \emph{Heliconius} hybrid zone}},
journal = {Journal of Evolutionary Biology},
year = {2008},
volume = {21},
number = {1},
pages = {330--341},
doi = {https://doi.org/10.1111/j.1420-9101.2007.01440.x}
}

@incollection{Supple:2014ff,
author = {Supple, Megan and Papa, Riccardo and Counterman, Brian and McMillan, W. Owen},
title = {{The genomics of an adaptive radiation: insights across the \emph{Heliconius} speciation continuum.}},
booktitle = {Ecological Genomics Ecology and the Evolution of Genes and Genomes},
year = {2014},
pages = {249--271},
organization = {Smithsonian Tropical Research Institute, Panama City, Panama.},
publisher = {Springer Netherlands},
address = {Dordrecht},
doi = {https://doi.org/10.1007/978-94-007-7347-9_13}
}

@article{Stankowski:2013fp,
author = {Stankowski, Sean},
title = {{Ecological speciation in an island snail: evidence for the parallel evolution of a novel ecotype and maintenance by ecologically dependent postzygotic isolation}},
journal = {Molecular Ecology},
year = {2013},
volume = {22},
number = {10},
pages = {2726--2741},
doi = {https://doi.org/10.1111/mec.12287}
}

@article{VanBelleghem:2017ff,
author = {Van Belleghem, Steven M and Rastas, Pasi and Papanicolaou, Alexie and Martin, Simon H and Arias, Carlos F and Supple, Megan A and Hanly, Joseph J and Mallet, James and Lewis, James J and Hines, Heather M and Ruiz, Mayte and Salazar, Camilo and Linares, Mauricio and Moreira, Gilson R P and Jiggins, Chris D and Counterman, Brian A and McMillan, W. Owen and Papa, Riccardo},
title = {{Complex modular architecture around a simple toolkit of wing pattern genes}},
journal = {Nature Ecology {\&} Evolution},
year = {2017},
volume = {1},
pages = {0052},
doi = {https://doi.org/10.1038/s41559-016-0052}
}

@article{Bazykin:1969eu,
author = {Bazykin, A D},
title = {{Hypothetical mechanism of speciation}},
journal = {Evolution},
year = {1969},
volume = {23},
number = {4},
pages = {685--687},
doi = {https://doi.org/10.1111/j.1558-5646.1969.tb03550.x}
}

@article{Pinheiro:2004uw,
author = {Pinheiro, Carlos E G},
title = {{Jacamars (Aves, Galbulidae) as selective agents of mimicry in neotropical butterflies}},
journal = {Ararajuba},
year = {2004},
volume = {12},
number = {2},
pages = {137--139}
}

@article{Haldane:1948un,
author = {Haldane, J B S},
title = {{The theory of a cline.}},
journal = {Journal of Genetics},
year = {1948},
volume = {48},
number = {3},
pages = {277--284}
}

@article{Hunter:2017hy,
author = {Hunter, Elizabeth A and Matocq, Marjorie D and Murphy, Peter J and Shoemaker, Kevin T},
title = {{Differential effects of climate on survival rates drive hybrid zone movement}},
journal = {Current Biology},
year = {2017},
volume = {27},
number = {24},
pages = {3898--3903},
doi = {https://doi.org/10.1016/j.cub.2017.11.029}
}

@article{RAlanguageanden:wf,
author = {{R Core Team}},
title = {{R: A language and environment for statistical computing.}},
year = {2017},
address = {Vienna, Austria},
publisher = {R Foundation for Statistical Computing},
doi = {https://www.R-project.org/}
}

@article{Barton:1979kp,
author = {Barton, Nicholas H},
title = {{Gene flow past a cline}},
journal = {Heredity},
year = {1979},
volume = {43},
number = {3},
pages = {333--339},
doi = {https://doi.org/10.1038/hdy.1979.86}
}

@article{Leache:2017bx,
author = {Leach{\'e}, Adam D and Grummer, Jared A and Harris, Rebecca B and Breckheimer, Ian K},
title = {{Evidence for concerted movement of nuclear and mitochondrial clines in a lizard hybrid zone}},
journal = {Molecular Ecology},
year = {2017},
volume = {26},
number = {8},
pages = {2306--2316},
doi = {https://doi.org/10.1111/mec.14033}
}

@article{Mallet:1990tn,
author = {Mallet, James and Barton, N and Lamas, G and Santisteban, J and Muedas, M and Eeley, H},
title = {{Estimates of selection and gene flow from measures of cline width and linkage disequilibrium in \emph{Heliconius} hybrid zones.}},
journal = {Genetics},
year = {1990},
volume = {124},
number = {4},
pages = {921--936}
}

@article{Walsh:2017cy,
author = {Walsh, Jennifer},
title = {{Temporal shifts in the saltmarsh{\textendash}Nelson{\textquoteright}s sparrow hybrid zone revealed by replicated demographic and genetic surveys}},
journal = {Conservation Genetics},
year = {2017},
volume = {18},
number = {2},
pages = {453--466},
doi = {https://doi.org/10.1007/s10592-016-0920-8}
}

@article{Mallet:1989fu,
author = {Mallet, James},
title = {{The genetics of warning colour in Peruvian hybrid zones of \emph{Heliconius erato} and \emph{H. melpomene}.}},
journal = {Proceedings of the Royal Society B: Biological Sciences},
year = {1989},
volume = {236},
number = {1283},
pages = {163--185},
doi = {https://doi.org/10.1098/rspb.1989.0019}
}

@article{Bridle:2001vx,
author = {Bridle, Jon R. and Baird, Stuart J E and Butlin, Roger K},
title = {{Spatial structure and habitat variation in a grasshopper hybrid zone}},
journal = {Evolution},
year = {2001},
volume = {55},
number = {9},
pages = {1832--1843},
doi = {https://doi.org/10.1111/j.0014-3820.2001.tb00832.x}
}

@article{Mallet:1989vq,
	author = {Mallet, J and Barton, N},
	title = {Inference from clines stabilized by frequency-dependent selection.},
	volume = {122},
	number = {4},
	pages = {967--976},
	year = {1989},
	publisher = {Genetics},
	doi = {https://www.genetics.org/content/122/4/967},
	eprint = {https://www.genetics.org/content/122/4/967.full.pdf},
	journal = {Genetics}
}

@article{tictoc:tt,
    title = {tictoc: Functions for timing R scripts, as well as implementations of
Stack and List structures.},
    author = {Sergei Izrailev},
    year = {2014},
    note = {R package version 1.0},
    doi = {https://CRAN.R-project.org/package=tictoc}
  }

@article{Anonymous:qg,
    author = {{QGIS Development Team}},
    title = {QGIS Geographic Information System. Open Source Geospatial Foundation Project.},
    year = {2018},
    journal = {\textnormal{http://qgis.osgeo.org}}}
}

@article{raster:rp,
    title = {raster: Geographic Data Analysis and Modeling},
    author = {Robert J. Hijmans},
    year = {2019},
    journal = {R package version 2.8-19},
    doi = {https://CRAN.R-project.org/package=raster}
  }
  
@article{Wang:2017ij,
  author = {Wang, Jinliang},
  title = {{Effects of sampling close relatives on some elementary population genetics analyses}},
  journal = {Molecular Ecology Resources},
  year = {2017},
  volume = {18},
  number = {1},
  pages = {41--54},
  doi = {10.1111/1755-0998.12708}
}

@article{Mettler:2009jm,
author = {Mettler, R D and Spellman, G M},
title = {{A hybrid zone revisited: molecular and morphological analysis of the maintenance, movement, and evolution of a Great Plains avian (Cardinalidae: \emph{Pheucticus}) hybrid zone}},
journal = {Molecular Ecology},
year = {2009},
volume = {18},
number = {15},
pages = {3256--3267},
doi = {http://doi.wiley.com/10.1111/j.1365-294X.2009.04217.x}
}



